@article{gallagher2023weathering,
  title={Weathering an unexpected financial shock: the role of federal disaster assistance on household finance and business survival},
  author={Gallagher, Justin and Hartley, Daniel and Rohlin, Shawn},
  journal={Journal of the Association of Environmental and Resource Economists},
  volume={10},
  number={2},
  pages={525--567},
  year={2023},
  publisher={The University of Chicago Press Chicago, IL}
}

@techreport{bilal2023anticipating,
  title={Anticipating climate change across the united states},
  author={Bilal, Adrien and Rossi-Hansberg, Esteban},
  year={2023},
  institution={National Bureau of Economic Research}
}

@article{FEMA,
  title={True or False: Setting the Record Straight on SBA Loans and FEMA Assistance},
  author={FEMA},
  year={2021},
  url={https://www.fema.gov/fact-sheet/true-or-false-setting-record-straight-sba-loans-and-fema-assistance}
}

@article{gallagher2017household,
  title={Household finance after a natural disaster: The case of hurricane Katrina},
  author={Gallagher, Justin and Hartley, Daniel},
  journal={American Economic Journal: Economic Policy},
  volume={9},
  number={3},
  pages={199--228},
  year={2017},
  publisher={American Economic Association}
}

@article{vigdor2008economic,
  title={The economic aftermath of Hurricane Katrina},
  author={Vigdor, Jacob},
  journal={Journal of Economic Perspectives},
  volume={22},
  number={4},
  pages={135--154},
  year={2008},
  publisher={American Economic Association}
}

@article{schwartz1973interpreting,
  title={Interpreting the effect of distance on migration},
  author={Schwartz, Aba},
  journal={Journal of political economy},
  volume={81},
  number={5},
  pages={1153--1169},
  year={1973},
  publisher={The University of Chicago Press}
}

@article{bogue1949migration,
  title={Migration and distance},
  author={Bogue, Donald J and Thompson, Warren S},
  journal={American Sociological Review},
  volume={14},
  number={2},
  pages={236--244},
  year={1949},
  publisher={JSTOR}
}

@article{sjaastad1962costs,
  title={The costs and returns of human migration},
  author={Sjaastad, Larry A},
  journal={Journal of political Economy},
  volume={70},
  number={5, Part 2},
  pages={80--93},
  year={1962},
  publisher={The University of Chicago Press}
}

@article{wilson2022isolated,
  title={The Isolated States of America: Home State Bias, State Identity, and the Impact of State Borders on Mobility},
  author={Wilson, Riley},
  year={2022},
  publisher={IZA Discussion Paper}
}

@article{NWS,
  title={The Enhanced Fujita Scale (EF Scale)},
  author={{National Weather Service}},
  year={2024},
  url={https://www.weather.gov/oun/efscale}
}

@article{sun2021estimating,
  title={Estimating dynamic treatment effects in event studies with heterogeneous treatment effects},
  author={Sun, Liyang and Abraham, Sarah},
  journal={Journal of econometrics},
  volume={225},
  number={2},
  pages={175--199},
  year={2021},
  publisher={Elsevier}
}

@article{callaway2021difference,
  title={Difference-in-differences with multiple time periods},
  author={Callaway, Brantly and Santâ€™Anna, Pedro HC},
  journal={Journal of econometrics},
  volume={225},
  number={2},
  pages={200--230},
  year={2021},
  publisher={Elsevier}
}

@article{goodman2021difference,
  title={Difference-in-differences with variation in treatment timing},
  author={Goodman-Bacon, Andrew},
  journal={Journal of econometrics},
  volume={225},
  number={2},
  pages={254--277},
  year={2021},
  publisher={Elsevier}
}